<?xml version="1.0" encoding="UTF-8"?><record xmlns="http://www.loc.gov/MARC21/slim" xmlns:cinclude="http://apache.org/cocoon/include/1.0" xmlns:zs="http://www.loc.gov/zing/srw/">
  <leader>00388nz  a2200121n  4500</leader>
  <controlfield tag="001">n 2005062291</controlfield>
  <controlfield tag="003">DLC</controlfield>
  <controlfield tag="005">20050822155202.0</controlfield>
  <controlfield tag="008">050822n| acannaabn          |n aaa      </controlfield>
  <datafield tag="010" ind1=" " ind2=" ">
    <subfield code="a">n 2005062291</subfield>
  </datafield>
  <datafield tag="040" ind1=" " ind2=" ">
    <subfield code="a">DLC</subfield>
    <subfield code="b">eng</subfield>
    <subfield code="c">DLC</subfield>
  </datafield>
  <datafield tag="100" ind1="1" ind2=" ">
    <subfield code="a">Seitz, Karsten</subfield>
  </datafield>
  <datafield tag="670" ind1=" " ind2=" ">
    <subfield code="a">Seitz, Karsten. Europäisches Rahmenrecht für eine europäische Betriebsverfassung, 2004:</subfield>
    <subfield code="b">t.p. (Karsten Seitz, aus Böblingen)</subfield>
  </datafield>
</record>